
@book{book:pressman:14,
	title =     {Software Engineering: A Practitioner's Approach},
	author =    {Roger Pressman, Bruce Maxim},
	publisher = {McGraw-Hill Science/Engineering/Math},
	isbn =      {0078022126,9780078022128},
	year =      {2014},
	series =    {},
	edition =   {8},
	volume =    {}
}